% Encoding: UTF-8


@TechReport{Prociclo1986,
  Title                    = {Programa de Facilidades para Circulação de Veículos de Duas Rodas Junto a Terminais de Transportes Coletivos e outros Pólos Geradores de Tráfego da RMSP},
  Author                   = {EMPLASA},
  Institution              = {Secretaria de Negócios Metropolitanos},
  Year                     = {1986},
  Note                     = {Nº de Chamada: 28 28.15 09.02},

  Owner                    = {caio},
  Timestamp                = {2016.08.17},
  Url                      = {http://www.bibliotecavirtual.emplasa.sp.gov.br}
}

@Book{Furtado2000,
  title     = {Introdu{\c{c}}{\~a}o ao desenvolvimento: enfoque hist{\'o}rico-estrutural},
  publisher = {Paz e Terra},
  year      = {2000},
  author    = {Furtado, C.},
  isbn      = {9788521903734},
  owner     = {caio},
  timestamp = {2016.08.17},
  url       = {https://books.google.com.br/books?id=dkztAAAAMAAJ},
}

@Book{Mahbub1973,
  Title                    = {Trade Strategies for Development},
  Author                   = {Mahbub ul Haq},
  Editor                   = {Paul Streeten},
  Publisher                = {Macmillan},
  Year                     = {1973},

  Owner                    = {caio},
  Timestamp                = {2016.08.17}
}

@Book{Holt2001,
  Title                    = {A New Guide to Post Keynesian Economics},
  Author                   = {Holt, R.P.F. and Pressman, S.},
  Publisher                = {Routledge},
  Year                     = {2001},
  Series                   = {Contemporary political economy series},
  ISBN                     = {9780415229814},
  Lccn                     = {2001020408},
  Owner                    = {caio},
  Timestamp                = {2016.08.17},
  Url                      = {https://books.google.com.br/books?id=BMmLcMLzGqwC}
}

@Book{Keynes1937,
  Title                    = {The General Theory of Development},
  Author                   = {John Maynard Keynes},
  Year                     = {1937},
  Note                     = {págs. 112-113 e 115},
  Series                   = {Collected Writings},
  Volume                   = {XIX},

  Owner                    = {caio},
  Timestamp                = {2016.08.17}
}

@Book{Robinson1979,
  Title                    = {Aspects of Development and Underdevelopment},
  Author                   = {Robinson, J.},
  Publisher                = {Cambridge University Press},
  Year                     = {1979},
  Series                   = {Cambridge Surveys of Economic Literature},
  ISBN                     = {9780521295895},
  Lccn                     = {78025610},
  Owner                    = {caio},
  Timestamp                = {2016.08.15},
  Url                      = {https://books.google.com.br/books?id=06w8AAAAIAAJ}
}

@Book{Robinson1973,
  title         = {An introduction to modern economics},
  publisher     = {McGraw-Hill},
  year          = {1973},
  author        = {Robinson, J. and Eatwell, J.},
  __markedentry = {[caio:]},
  lccn          = {74159338},
  owner         = {caio},
  timestamp     = {2016.08.17},
  url           = {https://books.google.com.br/books?id=ZHS7AAAAIAAJ},
}

@Book{Furtado1974,
  title     = {O Mito do desenvolvimento econ{\^o}mico},
  publisher = {Paz e Terra},
  year      = {1974},
  author    = {Furtado, C.},
  lccn      = {74235416},
  url       = {https://books.google.com.br/books?id=J9QDAAAAMAAJ},
}

@Comment{jabref-meta: databaseType:bibtex;}
